<record><leader>00000cas a22000007a 4500</leader><controlfield tag="001">11374756</controlfield><controlfield tag="008">841112d19031908inuwr ne      0    0eng d</controlfield><datafield ind1=" " ind2=" " tag="010"><subfield code="a">sn 84045463 </subfield></datafield><datafield ind1=" " ind2=" " tag="040"><subfield code="a">NPI</subfield><subfield code="b">eng</subfield><subfield code="c">NPI</subfield><subfield code="d">IUL</subfield><subfield code="d">NPI</subfield><subfield code="d">OCLCQ</subfield></datafield><datafield ind1=" " ind2=" " tag="042"><subfield code="a">msc</subfield></datafield><datafield ind1="0" ind2="4" tag="245"><subfield code="a">The Bourbon advance.</subfield></datafield><datafield ind1=" " ind2=" " tag="260"><subfield code="a">Bourbon, Ind. :</subfield><subfield code="b">A.R. Zimmerman,</subfield><subfield code="c">-1908.</subfield></datafield><datafield ind1=" " ind2=" " tag="310"><subfield code="a">Weekly</subfield></datafield><datafield ind1="1" ind2=" " tag="362"><subfield code="a">Began in 1903.</subfield></datafield><datafield ind1="0" ind2=" " tag="362"><subfield code="a">-v. 5, no. 38 (Jan. 15, 1908).</subfield></datafield><datafield ind1=" " ind2=" " tag="588"><subfield code="a">Description based on: Vol. 3, no. 36 (Jan. 3, 1906).</subfield></datafield><datafield ind1=" " ind2=" " tag="752"><subfield code="a">United States</subfield><subfield code="b">Indiana</subfield><subfield code="c">Marshall</subfield><subfield code="d">Bourbon.</subfield></datafield><datafield ind1="0" ind2="4" tag="785"><subfield code="t">News-mirror (Bourbon, Ind. : 1900)</subfield><subfield code="w">(DLC)sn 84045465</subfield></datafield></record>